@BOOK{Smith:2012qr,
	title = {{B}ook {T}itle},
	publisher = {Publisher},
	author = {Smith, J.~M. and Jones, A.~B.},
	year = {2012},
	edition = {7th},
}

@ARTICLE{Smith:2013jd,
	author = {Jones, A.~B. and Smith, J.~M.},
	title = {{A}rticle {T}itle},
	journal = {Journal title},
	year = {2013},
	volume = {13},
	pages = {123-456},
	number = {52},
	month = {March},
	publisher = {Publisher}
}
@ARTICLE{Fougner2011,
	author = {Fougner, Anders and Scheme, Erik and Chan, Adrian D.C. and Englehart, Kevin and Stavdahl, {\O}yvind},
	doi = {10.1109/TNSRE.2011.2163529},
	file = {:Users/oliver-d/Library/Application Support/Mendeley Desktop/Downloaded/Fougner et al. - 2011 - Resolving the limb position effect in myoelectric pattern recognition.pdf:pdf},
	isbn = {1534-4320},
	issn = {15344320},
	journal = {IEEE Transactions on Neural Systems and Rehabilitation Engineering},
	keywords = {Accelerometer,electromyography,prosthetic hands,prosthetics},
	pmid = {21846608},
	title = {{Resolving the limb position effect in myoelectric pattern recognition}},
	volume = {19},
	year = {2011}
}